 @misc{pyjion:2018,
    title  = "\textit{Pyjion - A JIT for Python based upon CoreCLR}",
    author = {Brett Cannon and Dino Viehland},
    howpublished  = "\url{https://github.com/microsoft/Pyjion}",
    year   = "2018"
}

 @misc{pyston:2017,
    title  = "\textit{An open-source Python implementation using JIT techniques}",
    author = {Kevin Modzelewski et al.},
    howpublished  = "\url{https://github.com/pyston/pyston}",
    year   = "2017"
}

@inproceedings{bolz2009tracing,
  title={Tracing the meta-level: PyPy's tracing JIT compiler},
  author={Bolz, Carl Friedrich and Cuni, Antonio and Fijalkowski, Maciej and Rigo, Armin},
  booktitle={Proceedings of the 4th workshop on the Implementation, Compilation, Optimization of Object-Oriented Languages and Programming Systems},
  pages={18--25},
  year={2009}
}

@inproceedings{lam2015numba,
  title={Numba: A llvm-based python jit compiler},
  author={Lam, Siu Kwan and Pitrou, Antoine and Seibert, Stanley},
  booktitle={Proceedings of the Second Workshop on the LLVM Compiler Infrastructure in HPC},
  pages={1--6},
  year={2015}
}

@article{akeret2015hope,
  title={HOPE: A Python just-in-time compiler for astrophysical computations},
  author={Akeret, Jo{\"e}l and Gamper, Lukas and Amara, Adam and Refregier, Alexandre},
  journal={Astronomy and Computing},
  volume={10},
  pages={1--8},
  year={2015},
  publisher={Elsevier}
}

@inproceedings{guo2013online,
  title={Online python tutor: embeddable web-based program visualization for cs education},
  author={Guo, Philip J},
  booktitle={Proceeding of the 44th ACM technical symposium on Computer science education},
  pages={579--584},
  year={2013}
}

@article{behnel2011cython,
  title={Cython: The best of both worlds},
  author={Behnel, Stefan and Bradshaw, Robert and Citro, Craig and Dalcin, Lisandro and Seljebotn, Dag Sverre and Smith, Kurt},
  journal={Computing in Science \& Engineering},
  volume={13},
  number={2},
  pages={31--39},
  year={2011},
  publisher={IEEE Computer Society}
}

@article{bezanson2017julia,
  title={Julia: A fresh approach to numerical computing},
  author={Bezanson, Jeff and Edelman, Alan and Karpinski, Stefan and Shah, Viral B},
  journal={SIAM review},
  volume={59},
  number={1},
  pages={65--98},
  year={2017},
  publisher={SIAM}
}